@article{aharonov1995,
  title={Channeling instability of upwelling melt in the mantle},
  author={Aharonov, E. and Whitehead, J. A. and Kelemen, P. and Spiegelman, M.},
  journal={Journal of Geophysical Research: Solid Earth},
  volume={100},
  number={B10},
  pages={20433--20450},
  year={1995},
  doi={10.1029/95jb01307},
}

@article{bourdon2005,
  title={Partial melting and upwelling rates beneath the Azores from a U-series isotope perspective},
  author={Bourdon, B. and Turner, S. P. and Ribe, N. M.},
  journal={Earth and Planetary Science Letters},
  volume={239},
  pages={42--56},
  year={2005},
  doi={10.1016/j.epsl.2005.08.008},
}

@article{elkins2019,
  title={Testing pyroxenite versus peridotite sources for marine basalts using U-series isotopes},
  author={Elkins, L. J. and Bourdon, B. and Lambart, S.},
  journal={Lithos},
  volume={332--333},
  pages={226--244},
  year={2019},
  doi={10.1016/j.lithos.2019.02.011},
}

@article{feineman2003,
  title={Steady-state \(^{226}\text{Ra}/^{230}\text{Th}\) disequilibrium in mantle minerals: Implications for melt transport rates in island arcs},
  author={Feineman, M. D. and DePaolo, D. J.},
  journal={Earth and Planetary Science Letters},
  volume={215},
  number={3--4},
  pages={339--355},
  year={2003},
  doi={10.1016/s0012-821x(03)00454-0},
}

@article{grose2019,
  title={Chemical disequilibria, lithospheric thickness, and the source of ocean island basalts},
  author={Grose, C. J. and Afonso, J. C.},
  journal={Journal of Petrology},
  volume={60},
  number={4},
  pages={755--790},
  year={2019},
  doi={10.1093/petrology/egz012},
}

@article{iwamori1993,
  title={Dynamic disequilibrium melting model with porous flow and diffusion-controlled chemical equilibration},
  author={Iwamori, H.},
  journal={Earth and Planetary Science Letters},
  volume={114},
  number={2--3},
  pages={301--313},
  year={1993},
  doi={10.1016/0012-821x(93)90032-5},
}

@article{iwamori1994,
  title={\(^{238}U\)-\(^{230}Th\)-\(^{226}Ra\) and \(^{235}U\)-\(^{231}Pa\) disequilibria produced by mantle melting with porous and channel flows},
  author={Iwamori, H.},
  journal={Earth and Planetary Science Letters},
  volume={125},
  pages={1--16},
  year={1994},
  doi={10.1016/0012-821x(94)90203-8},
}

@article{jull2002,
  title={Consequences of diffuse and channelled porous melt migration on uranium series disequilibria},
  author={Jull, M. and Kelemen, P. and Sims, K.},
  journal={Geochimica et Cosmochimica Acta},
  volume={66},
  pages={4133--4148},
  year={2002},
  doi={10.1016/s0016-7037(02)00984-5},
}

@article{kogiso2004,
  title={Length scales of mantle heterogeneities and their relationship to ocean island basalt geochemistry},
  author={Kogiso, T. and Hirschmann, M. M. and Reiners, P. W.},
  journal={Geochimica et Cosmochimica Acta},
  volume={68},
  number={2},
  pages={345--360},
  year={2004},
  doi={10.1016/s0016-7037(03)00419-8},
}

@article{liang2016,
  title={Simple models for disequilibrium fractional melting and batch melting with application to REE fractionation in abyssal peridotites},
  author={Liang, Y. and Liu, B.},
  journal={Geochimica et Cosmochimica Acta},
  volume={173},
  pages={181--197},
  year={2016},
  doi={10.1016/j.gca.2015.10.020},
}

@article{lundstrom2000,
  title={A geochemically consistent hypothesis for MORB generation},
  author={Lundstrom, C. and Gill, J. and Williams, Q.},
  journal={Chemical Geology},
  volume={162},
  number={2},
  pages={105--126},
  year={2000},
  doi={10.1016/s0009-2541(99)00122-9},
}

@article{mckenzie1985,
  title={Th-230-U-238 disequilibrium and the melting processes beneath ridge axes},
  author={McKenzie, D.},
  journal={Earth and Planetary Science Letters},
  volume={72},
  number={2--3},
  pages={149--157},
  year={1985},
  doi={10.1016/0012-821x(85)90001-9},
}

@article{miller2014,
  title={Experimental quantification of permeability of partially molten mantle rock},
  author={Miller, K. J. and Zhu, W. L. and Mont{\'e}si, L. G. and Gaetani, G. A.},
  journal={Earth and Planetary Science Letters},
  volume={388},
  pages={273--282},
  year={2014},
}

@article{oliveira2020,
  title={A disequilibrium reactive transport model for mantle magmatism},
  author={Oliveira, B. and Afonso, J. C. and Tilhac, R.},
  journal={Journal of Petrology},
  year={2020},
  doi={10.1093/petrology/egaa067},
}

@article{peate2005,
  title={U series disequilibria: Insights into mantle melting and the timescales of magma differentiation},
  author={Peate, D. W. and Hawkesworth, C. J.},
  journal={Reviews of Geophysics},
  volume={43},
  number={1},
  year={2005},
  doi={10.1029/2004rg000154},
}

@article{qin1992,
  title={Diffusive reequilibration of melt and fluid inclusions},
  author={Qin, Z. and Lu, F. and Anderson, A. T.},
  journal={American Mineralogist},
  volume={77},
  number={5--6},
  pages={565--576},
  year={1992},
}

@article{shaw1970,
  title={Trace element fractionation during anatexis},
  author={Shaw, D. M.},
  journal={Geochimica et Cosmochimica Acta},
  volume={34},
  number={2},
  pages={237--243},
  year={1970},
  doi={10.1016/0016-7037(70)90009-8}
}

@article{sims1999,
  title={Porosity of the melting zone and variations in the solid mantle upwelling rate beneath Hawaii: Inferences from U-238-Th-230-Ra-226 and U-235-Pa-231 disequilibria},
  author={Sims, K. W. W. and DePaolo, D. J. and Murrell, M. T. and Baldridge, W. S. and Goldstein, S. and Clague, D. and Jull, M.},
  journal={Geochimica et Cosmochimica Acta},
  volume={63},
  number={23--24},
  pages={4119--4138},
  year={1999},
  doi={10.1016/s0016-7037(99)00313-0}
}

@article{sims2002,
  title={Chemical and isotopic constraints on the generation and transport of magma beneath the East Pacific Rise},
  author={Sims, K. W. W. and Goldstein, S. J. and Blichert-toft, J. and Perfit, M. R. and Kelemen, P. and Fornari, D. J. and others},
  journal={Geochimica et Cosmochimica Acta},
  volume={66},
  number={19},
  pages={3481--3504},
  year={2002},
  doi={10.1016/s0016-7037(02)00909-2}
}

@article{spiegelman2000,
  title={UserCalc: A web-based uranium series calculator for magma migration problems},
  author={Spiegelman, M.},
  journal={Geochemistry, Geophysics, Geosystems},
  volume={1},
  number={8},
  pages={1016},
  year={2000},
  doi={10.1029/1999gc000030}
}

@article{spiegelman1993,
  title={Consequences of melt transport for uranium series disequilibrium in young lavas},
  author={Spiegelman, M. and Elliott, T.},
  journal={Earth and Planetary Science Letters},
  volume={118},
  number={1--4},
  pages={1--20},
  year={1993},
  doi={10.1016/0012-821x(93)90155-3}
}

@article{spiegelman1992,
  title={The requirements for chemical disequilibrium during magma migration},
  author={Spiegelman, M. and Kenyon, P.},
  journal={Earth and Planetary Science Letters},
  volume={109},
  number={3--4},
  pages={611--620},
  year={1992},
  doi={10.1016/0012-821x(92)90119-g}
}

@article{stracke2009,
  title={The importance of melt extraction for tracing mantle heterogeneities},
  author={Stracke, A. and Bourdon, B.},
  journal={Geochimica et Cosmochimica Acta},
  volume={73},
  pages={218--238},
  year={2009},
  doi={10.1016/j.gca.2008.10.015}
}

@article{stracke2003,
  title={The dynamics of melting beneath Theistareykir, northern Iceland},
  author={Stracke, A. and Zindler, A. and Salters, V. J. M. and McKenzie, D. and Gronvold, K.},
  journal={Geochemistry, Geophysics, Geosystems},
  volume={4},
  pages={8513},
  year={2003},
  doi={10.1029/2002gc000347}
}

@article{vanorman2002,
  title={Diffusive fractionation of trace elements during production and transport of melting in the Earth’s upper mantle},
  author={Van Orman, J. A. and Grove, T. L. and Shimizu, N.},
  journal={Earth and Planetary Science Letters},
  volume={198},
  pages={93--112},
  year={2002},
  doi={10.1016/s0012-821x(02)00492-2}
}

@article{vanorman2006,
  title={Diffusive fractionation of U-series radionuclides during mantle melting and shallow-level melt–cumulate interaction},
  author={Van Orman, J. A. and Saal, A. E. and Bourdon, B. and Hauri, E. H.},
  journal={Geochimica et Cosmochimica Acta},
  volume={70},
  number={18},
  pages={4797--4812},
  year={2006},
  doi={10.1016/j.gca.2006.07.005}
}

@article{yang2000,
  title={Three dimensional Monte Carlo simulation of grain growth during GTA welding of titanium},
  author={Yang, Z. and Sista, S. and Elmer, J. W. and DebRoy, T.},
  journal={Acta Materialia},
  volume={48},
  number={20},
  pages={4813--4825},
  year={2000},
  doi={10.1016/s1359-6454(00)00279-2}
}

@article{zou2000,
  title={Theoretical studies of 238U-230Th-226Ra and 235U-231Pa disequilibria in young lavas produced by mantle melting},
  author={Zou, H. and Zindler, A.},
  journal={Geochimica et Cosmochimica Acta},
  volume={64},
  number={10},
  pages={1809--1817},
  year={2000},
  doi={10.1016/s0016-7037(00)00350-1}
}
